@article{Doliwa2014Recursive,
  title={Recursive teaching dimension, VC-dimension and sample compression},
  author={Doliwa, Thorsten and Fan, Gaojian and Simon, Hans Ulrich and Zilles, Sandra},
  journal={Journal of Machine Learning Research},
  volume={15},
  number={1},
  pages={3107-3131},
  year={2014},
}

@article{Vapnik1971On,
  title={On the Uniform Convergence of Relative Frequencies of Events to Their Probabilities},
  author={Vapnik, V. N. and Chervonenkis, A. Ya.},
  journal={Theory of Probability and Its Applications},
  volume={17},
  number={2},
  pages={264-280},
  year={1971},
}

@article{goldman1995complexity,
  title={On the complexity of teaching},
  author={Goldman, Sally A and Kearns, Michael J},
  journal={Journal of Computer and System Sciences},
  volume={50},
  number={1},
  pages={20--31},
  year={1995},
  publisher={Elsevier}
}

@article{Zilles2013Models,
  title={Models of Cooperative Teaching and Learning},
  author={Zilles, Sandra and Lange, Steffen and Holte, Robert and Zinkevich, Martin},
  journal={Journal of Machine Learning Research},
  volume={12},
  number={12},
  pages={349-384},
  year={2013},
}

@article{Darnstdt2016Order,
  title={Order compression schemes},
  author={Darnstdt, Malte and Kiss, Thorsten and Simon, Hans Ulrich and Zilles, Sandra},
  journal={Theoretical Computer Science},
  volume={620},
  number={C},
  pages={73-90},
  year={2016},
}

@article{Sauer1972On,
  title={On the density of families of sets},
  author={Sauer, N.},
  journal={Journal of Combinatorial Theory},
  volume={13},
  number={1},
  pages={145-147},
  year={1972},
}

@article{Ben1998Combinatorial,
  title={Combinatorial variability of Vapnik-Chervonenkis classes with applications to sample compression schemes},
  author={Ben-David, Shai and Litman, Ami},
  journal={Discrete Applied Mathematics},
  volume={86},
  number={1},
  pages={3-25},
  year={1998},
}

@inproceedings{chen2016recursive,
  title={On the recursive teaching dimension of vc classes},
  author={Chen, Xi and Cheng, Yu and Tang, Bo},
  booktitle={Advances in Neural Information Processing Systems},
  pages={2164--2171},
  year={2016}
}

@inproceedings{moran2015compressing,
  title={Compressing and teaching for low VC-dimension},
  author={Moran, Shay and Shpilka, Amir and Wigderson, Avi and Yehudayoff, Amir},
  booktitle={Foundations of Computer Science (FOCS), 2015 IEEE 56th Annual Symposium on},
  pages={40--51},
  year={2015},
  organization={IEEE}
}

@inproceedings{kuhlmann1999teaching,
  title={On teaching and learning intersection-closed concept classes},
  author={Kuhlmann, Christian},
  booktitle={EuroCOLT},
  pages={168--182},
  year={1999},
  organization={Springer}
}

@article{kuzmin2007unlabeled,
  title={Unlabeled compression schemes for maximum classes},
  author={Kuzmin, Dima and Warmuth, Manfred K},
  journal={Journal of Machine Learning Research},
  volume={8},
  number={Sep},
  pages={2047--2081},
  year={2007}
}

@article{hu2017quadratic,
  title={Quadratic Upper Bound for Recursive Teaching Dimension of Finite VC Classes},
  author={Hu, Lunjia and Wu, Ruihan and Li, Tianhong and Wang, Liwei},
  journal={arXiv preprint arXiv:1702.05677},
  year={2017}
}

@article{liu2016teaching,
  title={The teaching dimension of linear learners},
  author={Liu, Ji and Zhu, Xiaojin},
  journal={Journal of Machine Learning Research},
  volume={17},
  number={162},
  pages={1--25},
  year={2016}
}

@article{samei2014algebraic,
  title={Algebraic methods proving Sauer's bound for teaching complexity},
  author={Samei, Rahim and Semukhin, Pavel and Yang, Boting and Zilles, Sandra},
  journal={Theoretical Computer Science},
  volume={558},
  pages={35--50},
  year={2014},
  publisher={Elsevier}
}

@inproceedings{simon2015open,
  title={Open problem: Recursive teaching dimension versus VC dimension},
  author={Simon, Hans U and Zilles, Sandra},
  booktitle={Conference on Learning Theory},
  pages={1770--1772},
  year={2015}
}
